
    <marc:record>
        <marc:leader>03735cam a2200601 i 4500</marc:leader>
        <marc:controlfield tag="001">9916976473502836</marc:controlfield>
        <marc:controlfield tag="005">20210709090120.0</marc:controlfield>
        <marc:controlfield tag="006">m     o  d        </marc:controlfield>
        <marc:controlfield tag="007">cr#mn|nnnana||</marc:controlfield>
        <marc:controlfield tag="008">141028t20132013nz a    o     000 0 eng  </marc:controlfield>
        <marc:datafield tag="020" ind1=" " ind2=" ">
            <marc:subfield code="z">9780473248727</marc:subfield>
        </marc:datafield>
        <marc:datafield tag="035" ind1=" " ind2=" ">
            <marc:subfield code="a">14950786</marc:subfield>
        </marc:datafield>
        <marc:datafield tag="035" ind1=" " ind2=" ">
            <marc:subfield code="a">(NLNZils)1697647</marc:subfield>
        </marc:datafield>
        <marc:datafield tag="035" ind1=" " ind2=" ">
            <marc:subfield code="a">(NLNZils)1697647-ilsdb</marc:subfield>
        </marc:datafield>
        <marc:datafield tag="035" ind1=" " ind2=" ">
            <marc:subfield code="a">(OCoLC)857761342</marc:subfield>
        </marc:datafield>
        <marc:datafield tag="040" ind1=" " ind2=" ">
            <marc:subfield code="a">NZNB</marc:subfield>
            <marc:subfield code="b">eng</marc:subfield>
            <marc:subfield code="e">rda</marc:subfield>
            <marc:subfield code="c">NZNB</marc:subfield>
        </marc:datafield>
        <marc:datafield tag="041" ind1=" " ind2=" ">
            <marc:subfield code="a">eng</marc:subfield>
            <marc:subfield code="a">mao</marc:subfield>
        </marc:datafield>
        <marc:datafield tag="042" ind1=" " ind2=" ">
            <marc:subfield code="a">nznb</marc:subfield>
        </marc:datafield>
        <marc:datafield tag="043" ind1=" " ind2=" ">
            <marc:subfield code="a">u-nz---</marc:subfield>
        </marc:datafield>
        <marc:datafield tag="111" ind1="2" ind2=" ">
            <marc:subfield code="a">Kei Tua o te Pae Hui</marc:subfield>
            <marc:subfield code="n">(2nd :</marc:subfield>
            <marc:subfield code="d">2012 :</marc:subfield>
            <marc:subfield code="c">Ōtaki, N.Z.),</marc:subfield>
            <marc:subfield code="e">author.</marc:subfield>
        </marc:datafield>
        <marc:datafield tag="245" ind1="1" ind2="0">
            <marc:subfield code="a">Kei Tua o te Pae Hui proceedings :</marc:subfield>
            <marc:subfield code="b">changing worlds, changing tikanga - educating history and the future, Te Wānanga o Raukawa, Ōtaki, 4-5 September 2012 /</marc:subfield>
            <marc:subfield code="c">compiled by Ani Mikaere and Jessica Hutchings.</marc:subfield>
        </marc:datafield>
        <marc:datafield tag="246" ind1="3" ind2=" ">
            <marc:subfield code="a">Changing worlds, changing tikanga - educating history and the future</marc:subfield>
        </marc:datafield>
        <marc:datafield tag="264" ind1=" " ind2="1">
            <marc:subfield code="a">Wellington, New Zealand :</marc:subfield>
            <marc:subfield code="b">New Zealand Council for Educational Research ;</marc:subfield>
            <marc:subfield code="a">Ōtaki, New Zealand :</marc:subfield>
            <marc:subfield code="b">Te Wānanga o Raukawa,</marc:subfield>
            <marc:subfield code="c">[2013]</marc:subfield>
        </marc:datafield>
        <marc:datafield tag="264" ind1=" " ind2="4">
            <marc:subfield code="c">©2013</marc:subfield>
        </marc:datafield>
        <marc:datafield tag="300" ind1=" " ind2=" ">
            <marc:subfield code="a">1 online resource :</marc:subfield>
            <marc:subfield code="b">illustrations (some colour)</marc:subfield>
        </marc:datafield>
        <marc:datafield tag="336" ind1=" " ind2=" ">
            <marc:subfield code="a">text</marc:subfield>
            <marc:subfield code="2">rdacontent</marc:subfield>
        </marc:datafield>
        <marc:datafield tag="337" ind1=" " ind2=" ">
            <marc:subfield code="a">computer</marc:subfield>
            <marc:subfield code="2">rdamedia</marc:subfield>
        </marc:datafield>
        <marc:datafield tag="338" ind1=" " ind2=" ">
            <marc:subfield code="a">online resource</marc:subfield>
            <marc:subfield code="2">rdacarrier</marc:subfield>
        </marc:datafield>
        <marc:datafield tag="347" ind1=" " ind2=" ">
            <marc:subfield code="a">text file</marc:subfield>
            <marc:subfield code="b">PDF</marc:subfield>
            <marc:subfield code="2">rda</marc:subfield>
        </marc:datafield>
        <marc:datafield tag="500" ind1=" " ind2=" ">
            <marc:subfield code="a">Archived by the National Library of New Zealand in PDF (116 pages).</marc:subfield>
            <marc:subfield code="5">Nz</marc:subfield>
        </marc:datafield>
        <marc:datafield tag="500" ind1=" " ind2=" ">
            <marc:subfield code="a">&quot;Ako Aotearoa National Centre for Tertiary Teaching Excellence.&quot;</marc:subfield>
        </marc:datafield>
        <marc:datafield tag="500" ind1=" " ind2=" ">
            <marc:subfield code="a">Hypertext links contained in the archived instances of this title are non-functional.</marc:subfield>
            <marc:subfield code="5">Nz</marc:subfield>
        </marc:datafield>
        <marc:datafield tag="504" ind1=" " ind2=" ">
            <marc:subfield code="a">Includes bibliographical references.</marc:subfield>
        </marc:datafield>
        <marc:datafield tag="505" ind1="0" ind2=" ">
            <marc:subfield code="a">Building Māori futures on kaupapa tuku iho -- Changing the default setting : making trouble to restore tikanga -- The hetero-patriarchy and the corruption of tikanga -- Te awa atua : the river of life! Menstruation in pre-colonial times -- Violence and the distortion of tikanga -- Te ao hurihuri -- It's about whānau : oppression, sexuality and mana -- In search of our nannies' gardens -- Evolving tikanga of local governance and the challenges for tikanga Māori -- Mouri tāngata : tikanga as a liberation -- Tikanga in changing worlds -- Hui reflection : the power in our truth, the truth of our power -- Reflections -- Summary of evaluation responses -- List of hui participants 2012.</marc:subfield>
        </marc:datafield>
        <marc:datafield tag="520" ind1=" " ind2=" ">
            <marc:subfield code="a">Conference jointly organised by Te Wāhanga (the Māori research unit within the New Zealand Council for Educational Research) and Te Wānanga o Raukawa. This second hui aimed to explore the impact that colonisation has had on tikanga Māori, to think how tikanga has been shaped by history and to consider the future.</marc:subfield>
        </marc:datafield>
        <marc:datafield tag="546" ind1=" " ind2=" ">
            <marc:subfield code="a">In English with some Māori.</marc:subfield>
        </marc:datafield>
        <marc:datafield tag="650" ind1=" " ind2="0">
            <marc:subfield code="a">Maori (New Zealand people)</marc:subfield>
            <marc:subfield code="x">Social life and customs</marc:subfield>
            <marc:subfield code="v">Congresses.</marc:subfield>
        </marc:datafield>
        <marc:datafield tag="650" ind1=" " ind2="0">
            <marc:subfield code="a">Maori (New Zealand people)</marc:subfield>
            <marc:subfield code="x">Cultural assimilation</marc:subfield>
            <marc:subfield code="v">Congresses.</marc:subfield>
        </marc:datafield>
        <marc:datafield tag="650" ind1=" " ind2="0">
            <marc:subfield code="a">Maori (New Zealand people)</marc:subfield>
            <marc:subfield code="x">History</marc:subfield>
            <marc:subfield code="v">Congresses.</marc:subfield>
        </marc:datafield>
        <marc:datafield tag="650" ind1=" " ind2="0">
            <marc:subfield code="a">Maori (New Zealand people)</marc:subfield>
            <marc:subfield code="x">Intellectual life</marc:subfield>
            <marc:subfield code="y">21st century</marc:subfield>
            <marc:subfield code="v">Congresses.</marc:subfield>
        </marc:datafield>
        <marc:datafield tag="650" ind1=" " ind2="0">
            <marc:subfield code="a">Women, Maori</marc:subfield>
            <marc:subfield code="x">Social life and customs</marc:subfield>
            <marc:subfield code="v">Congresses.</marc:subfield>
        </marc:datafield>
        <marc:datafield tag="650" ind1=" " ind2="7">
            <marc:subfield code="a">Tikanga.</marc:subfield>
            <marc:subfield code="2">reo</marc:subfield>
        </marc:datafield>
        <marc:datafield tag="650" ind1=" " ind2="7">
            <marc:subfield code="a">Kōrero nehe.</marc:subfield>
            <marc:subfield code="2">reo</marc:subfield>
        </marc:datafield>
        <marc:datafield tag="650" ind1=" " ind2="7">
            <marc:subfield code="a">Taipūwhenuatanga.</marc:subfield>
            <marc:subfield code="2">reo</marc:subfield>
        </marc:datafield>
        <marc:datafield tag="650" ind1=" " ind2="7">
            <marc:subfield code="a">Tua taipūwhenuatanga.</marc:subfield>
            <marc:subfield code="2">reo</marc:subfield>
        </marc:datafield>
        <marc:datafield tag="650" ind1=" " ind2="7">
            <marc:subfield code="a">Mana wahine.</marc:subfield>
            <marc:subfield code="2">reo</marc:subfield>
        </marc:datafield>
        <marc:datafield tag="700" ind1="1" ind2=" ">
            <marc:subfield code="a">Mikaere, Annabel,</marc:subfield>
            <marc:subfield code="e">editor of compilation.</marc:subfield>
        </marc:datafield>
        <marc:datafield tag="700" ind1="1" ind2=" ">
            <marc:subfield code="a">Hutchings, Jessica,</marc:subfield>
            <marc:subfield code="d">1972-</marc:subfield>
            <marc:subfield code="e">editor of compilation.</marc:subfield>
        </marc:datafield>
        <marc:datafield tag="710" ind1="2" ind2=" ">
            <marc:subfield code="a">New Zealand Council for Educational Research.</marc:subfield>
            <marc:subfield code="b">Te Wāhanga,</marc:subfield>
            <marc:subfield code="e">issuing body.</marc:subfield>
        </marc:datafield>
        <marc:datafield tag="710" ind1="2" ind2=" ">
            <marc:subfield code="a">Te Wānanga-o-Raukawa,</marc:subfield>
            <marc:subfield code="e">issuing body.</marc:subfield>
        </marc:datafield>
        <marc:datafield tag="710" ind1="2" ind2=" ">
            <marc:subfield code="a">Ako Aotearoa National Centre for Tertiary Teaching Excellence.</marc:subfield>
        </marc:datafield>
        <marc:datafield tag="776" ind1="0" ind2="8">
            <marc:subfield code="i">Print version:</marc:subfield>
            <marc:subfield code="t">Kei Tua o te Pae Hui proceedings</marc:subfield>
            <marc:subfield code="z">9780473248727</marc:subfield>
        </marc:datafield>
        <marc:datafield tag="856" ind1="4" ind2="0">
            <marc:subfield code="u">http://www.nzcer.org.nz/system/files/Hui%20Proceedings_Web_0.pdf</marc:subfield>
        </marc:datafield>
    </marc:record>