
    <marc:record>
        <marc:leader>01948cam a2200469 i 4500</marc:leader>
        <marc:controlfield tag="001">9917513483502836</marc:controlfield>
        <marc:controlfield tag="005">20160823130208.0</marc:controlfield>
        <marc:controlfield tag="006">m     o  d        </marc:controlfield>
        <marc:controlfield tag="007">cr mn|nnnana||</marc:controlfield>
        <marc:controlfield tag="008">151013s2015    nz      o     000 0 eng  </marc:controlfield>
        <marc:datafield tag="020" ind1=" " ind2=" ">
            <marc:subfield code="z">9780473323219</marc:subfield>
        </marc:datafield>
        <marc:datafield tag="035" ind1=" " ind2=" ">
            <marc:subfield code="a">(NLNZils)1751348</marc:subfield>
        </marc:datafield>
        <marc:datafield tag="035" ind1=" " ind2=" ">
            <marc:subfield code="a">(Nz)16124223</marc:subfield>
        </marc:datafield>
        <marc:datafield tag="035" ind1=" " ind2=" ">
            <marc:subfield code="a">(NLNZils)1751348-ilsdb</marc:subfield>
        </marc:datafield>
        <marc:datafield tag="035" ind1=" " ind2=" ">
            <marc:subfield code="a">(OCoLC)927416770</marc:subfield>
        </marc:datafield>
        <marc:datafield tag="040" ind1=" " ind2=" ">
            <marc:subfield code="a">NZNB</marc:subfield>
            <marc:subfield code="b">eng</marc:subfield>
            <marc:subfield code="e">rda</marc:subfield>
            <marc:subfield code="c">NZNB</marc:subfield>
        </marc:datafield>
        <marc:datafield tag="041" ind1="0" ind2=" ">
            <marc:subfield code="a">eng</marc:subfield>
            <marc:subfield code="a">mao</marc:subfield>
        </marc:datafield>
        <marc:datafield tag="042" ind1=" " ind2=" ">
            <marc:subfield code="a">nznb</marc:subfield>
        </marc:datafield>
        <marc:datafield tag="043" ind1=" " ind2=" ">
            <marc:subfield code="a">u-nz---</marc:subfield>
        </marc:datafield>
        <marc:datafield tag="245" ind1="0" ind2="0">
            <marc:subfield code="a">Guidelines to assist boards of trustees to meet their good employer obligations to Māori :</marc:subfield>
            <marc:subfield code="b">May 2015.</marc:subfield>
        </marc:datafield>
        <marc:datafield tag="250" ind1=" " ind2=" ">
            <marc:subfield code="a">[Second edition]</marc:subfield>
        </marc:datafield>
        <marc:datafield tag="264" ind1=" " ind2="1">
            <marc:subfield code="a">Wellington :</marc:subfield>
            <marc:subfield code="b">NZPPTA ;</marc:subfield>
            <marc:subfield code="b">NZSTA,</marc:subfield>
            <marc:subfield code="c">2015.</marc:subfield>
        </marc:datafield>
        <marc:datafield tag="300" ind1=" " ind2=" ">
            <marc:subfield code="a">1 online resource</marc:subfield>
        </marc:datafield>
        <marc:datafield tag="336" ind1=" " ind2=" ">
            <marc:subfield code="a">text</marc:subfield>
            <marc:subfield code="2">rdacontent</marc:subfield>
        </marc:datafield>
        <marc:datafield tag="337" ind1=" " ind2=" ">
            <marc:subfield code="a">computer</marc:subfield>
            <marc:subfield code="2">rdamedia</marc:subfield>
        </marc:datafield>
        <marc:datafield tag="338" ind1=" " ind2=" ">
            <marc:subfield code="a">online resource</marc:subfield>
            <marc:subfield code="2">rdacarrier</marc:subfield>
        </marc:datafield>
        <marc:datafield tag="347" ind1=" " ind2=" ">
            <marc:subfield code="3">National Library of New Zealand archived copy</marc:subfield>
            <marc:subfield code="a">text file</marc:subfield>
            <marc:subfield code="b">PDF</marc:subfield>
            <marc:subfield code="2">rda</marc:subfield>
        </marc:datafield>
        <marc:datafield tag="500" ind1=" " ind2=" ">
            <marc:subfield code="a">Archived by the National Library of New Zealand in PDF (59 pages)</marc:subfield>
            <marc:subfield code="5">Nz</marc:subfield>
        </marc:datafield>
        <marc:datafield tag="500" ind1=" " ind2=" ">
            <marc:subfield code="a">Hypertext links contained in the archived instances of this title are non-functional.</marc:subfield>
            <marc:subfield code="5">Nz</marc:subfield>
        </marc:datafield>
        <marc:datafield tag="546" ind1=" " ind2=" ">
            <marc:subfield code="a">Chiefly in English, some Māori.</marc:subfield>
        </marc:datafield>
        <marc:datafield tag="650" ind1=" " ind2="0">
            <marc:subfield code="a">School personnel management</marc:subfield>
            <marc:subfield code="z">New Zealand</marc:subfield>
            <marc:subfield code="v">Handbooks, manuals, etc.</marc:subfield>
        </marc:datafield>
        <marc:datafield tag="650" ind1=" " ind2="0">
            <marc:subfield code="a">Maori (New Zealand people)</marc:subfield>
            <marc:subfield code="x">Employment.</marc:subfield>
        </marc:datafield>
        <marc:datafield tag="650" ind1=" " ind2="0">
            <marc:subfield code="a">Minority teachers</marc:subfield>
            <marc:subfield code="x">Employment</marc:subfield>
            <marc:subfield code="z">New Zealand</marc:subfield>
            <marc:subfield code="v">Handbooks, manuals, etc.</marc:subfield>
        </marc:datafield>
        <marc:datafield tag="650" ind1=" " ind2="0">
            <marc:subfield code="a">Discrimination in employment</marc:subfield>
            <marc:subfield code="z">New Zealand.</marc:subfield>
        </marc:datafield>
        <marc:datafield tag="650" ind1=" " ind2="7">
            <marc:subfield code="a">Whakahaere kaimahi.</marc:subfield>
            <marc:subfield code="2">reo</marc:subfield>
        </marc:datafield>
        <marc:datafield tag="650" ind1=" " ind2="7">
            <marc:subfield code="a">Kawa whakaruruhau.</marc:subfield>
            <marc:subfield code="2">reo</marc:subfield>
        </marc:datafield>
        <marc:datafield tag="650" ind1=" " ind2="7">
            <marc:subfield code="a">Kaiako.</marc:subfield>
            <marc:subfield code="2">reo</marc:subfield>
        </marc:datafield>
        <marc:datafield tag="650" ind1=" " ind2="7">
            <marc:subfield code="a">Kura tuarua.</marc:subfield>
            <marc:subfield code="2">reo</marc:subfield>
        </marc:datafield>
        <marc:datafield tag="710" ind1="2" ind2=" ">
            <marc:subfield code="a">New Zealand Post Primary Teachers' Association,</marc:subfield>
            <marc:subfield code="e">issuing body.</marc:subfield>
        </marc:datafield>
        <marc:datafield tag="710" ind1="2" ind2=" ">
            <marc:subfield code="a">New Zealand School Trustees Association,</marc:subfield>
            <marc:subfield code="e">issuing body.</marc:subfield>
        </marc:datafield>
        <marc:datafield tag="776" ind1="0" ind2="8">
            <marc:subfield code="i">Print version:</marc:subfield>
            <marc:subfield code="t">Guidelines to assist boards of trustees to meet their good employer obligations to Māori</marc:subfield>
            <marc:subfield code="z">9780473323219</marc:subfield>
        </marc:datafield>
        <marc:datafield tag="856" ind1="4" ind2="0">
            <marc:subfield code="u">http://www.nzsta.org.nz/media/323738/nzsta_good-employer-guidelines.pdf</marc:subfield>
        </marc:datafield>
    </marc:record>