
    <marc:record>
        <marc:leader>02552cam a2200517 i 4500</marc:leader>
        <marc:controlfield tag="001">9919060259702836</marc:controlfield>
        <marc:controlfield tag="005">20210707150305.0</marc:controlfield>
        <marc:controlfield tag="006">m|||||o||d||||||||</marc:controlfield>
        <marc:controlfield tag="007">cr#|||||||||||</marc:controlfield>
        <marc:controlfield tag="008">130617s2018    nz      o    f00| 0 mao  </marc:controlfield>
        <marc:datafield tag="035" ind1=" " ind2=" ">
            <marc:subfield code="a">(OCoLC)1259367476</marc:subfield>
        </marc:datafield>
        <marc:datafield tag="040" ind1=" " ind2=" ">
            <marc:subfield code="a">Nz</marc:subfield>
            <marc:subfield code="b">eng</marc:subfield>
            <marc:subfield code="e">rda</marc:subfield>
            <marc:subfield code="c">Nz</marc:subfield>
        </marc:datafield>
        <marc:datafield tag="041" ind1="1" ind2=" ">
            <marc:subfield code="a">mao</marc:subfield>
            <marc:subfield code="a">eng</marc:subfield>
        </marc:datafield>
        <marc:datafield tag="042" ind1=" " ind2=" ">
            <marc:subfield code="a">nznb</marc:subfield>
        </marc:datafield>
        <marc:datafield tag="043" ind1=" " ind2=" ">
            <marc:subfield code="a">u-nz---</marc:subfield>
        </marc:datafield>
        <marc:datafield tag="110" ind1="1" ind2=" ">
            <marc:subfield code="a">New Zealand.</marc:subfield>
            <marc:subfield code="b">Māori Television,</marc:subfield>
            <marc:subfield code="e">author.</marc:subfield>
        </marc:datafield>
        <marc:datafield tag="245" ind1="1" ind2="0">
            <marc:subfield code="a">Whakaawetia te whakaoranga o te reo Māori me ngā tikanga Māori :</marc:subfield>
            <marc:subfield code="b">te anga putanga, 2019-2021.</marc:subfield>
        </marc:datafield>
        <marc:datafield tag="246" ind1="1" ind2="7">
            <marc:subfield code="a">Anga putanga 2019-2021</marc:subfield>
        </marc:datafield>
        <marc:datafield tag="246" ind1="1" ind2=" ">
            <marc:subfield code="i">Title of English version:</marc:subfield>
            <marc:subfield code="a">Inspiring the revitalisation of te reo Māori and tikanga Māori</marc:subfield>
        </marc:datafield>
        <marc:datafield tag="246" ind1="1" ind2=" ">
            <marc:subfield code="i">Running title of English version:</marc:subfield>
            <marc:subfield code="a">Māori TV outcomes framework 2019-2021</marc:subfield>
        </marc:datafield>
        <marc:datafield tag="264" ind1=" " ind2="1">
            <marc:subfield code="a">[Auckland] :</marc:subfield>
            <marc:subfield code="b">Māori Television,</marc:subfield>
            <marc:subfield code="c">[2018].</marc:subfield>
        </marc:datafield>
        <marc:datafield tag="300" ind1=" " ind2=" ">
            <marc:subfield code="a">1 online resource</marc:subfield>
        </marc:datafield>
        <marc:datafield tag="336" ind1=" " ind2=" ">
            <marc:subfield code="a">text</marc:subfield>
            <marc:subfield code="2">rdacontent</marc:subfield>
        </marc:datafield>
        <marc:datafield tag="337" ind1=" " ind2=" ">
            <marc:subfield code="a">computer</marc:subfield>
            <marc:subfield code="2">rdamedia</marc:subfield>
        </marc:datafield>
        <marc:datafield tag="338" ind1=" " ind2=" ">
            <marc:subfield code="a">online resource</marc:subfield>
            <marc:subfield code="2">rdacarrier</marc:subfield>
        </marc:datafield>
        <marc:datafield tag="347" ind1=" " ind2=" ">
            <marc:subfield code="3">National Library of New Zealand archived copy</marc:subfield>
            <marc:subfield code="a">text file</marc:subfield>
            <marc:subfield code="b">PDF</marc:subfield>
        </marc:datafield>
        <marc:datafield tag="500" ind1=" " ind2=" ">
            <marc:subfield code="a">Archived by the National Library of New Zealand in PDF.</marc:subfield>
            <marc:subfield code="5">Nz</marc:subfield>
        </marc:datafield>
        <marc:datafield tag="500" ind1=" " ind2=" ">
            <marc:subfield code="a">Hypertext links contained in the archived instances of this title may not be functional.</marc:subfield>
            <marc:subfield code="5">Nz</marc:subfield>
        </marc:datafield>
        <marc:datafield tag="546" ind1=" " ind2=" ">
            <marc:subfield code="a">In Māori, with English version following (page numbering continuous).</marc:subfield>
        </marc:datafield>
        <marc:datafield tag="610" ind1="1" ind2="0">
            <marc:subfield code="a">New Zealand.</marc:subfield>
            <marc:subfield code="b">Māori Television</marc:subfield>
            <marc:subfield code="x">Planning.</marc:subfield>
        </marc:datafield>
        <marc:datafield tag="610" ind1="1" ind2="0">
            <marc:subfield code="a">New Zealand.</marc:subfield>
            <marc:subfield code="b">Māori Television</marc:subfield>
            <marc:subfield code="x">Personnel management.</marc:subfield>
        </marc:datafield>
        <marc:datafield tag="650" ind1=" " ind2="0">
            <marc:subfield code="a">Television programs</marc:subfield>
            <marc:subfield code="x">Social aspects</marc:subfield>
            <marc:subfield code="z">New Zealand.</marc:subfield>
        </marc:datafield>
        <marc:datafield tag="650" ind1=" " ind2="0">
            <marc:subfield code="a">Maori (New Zealand people)</marc:subfield>
            <marc:subfield code="x">Intellectual life.</marc:subfield>
        </marc:datafield>
        <marc:datafield tag="650" ind1=" " ind2="0">
            <marc:subfield code="a">Maori (New Zealand people)</marc:subfield>
            <marc:subfield code="x">Social life and customs.</marc:subfield>
        </marc:datafield>
        <marc:datafield tag="650" ind1=" " ind2="0">
            <marc:subfield code="a">Maori language.</marc:subfield>
        </marc:datafield>
        <marc:datafield tag="650" ind1=" " ind2="7">
            <marc:subfield code="a">Reo Māori.</marc:subfield>
            <marc:subfield code="2">reo</marc:subfield>
        </marc:datafield>
        <marc:datafield tag="650" ind1=" " ind2="7">
            <marc:subfield code="a">Tikanga.</marc:subfield>
            <marc:subfield code="2">reo</marc:subfield>
        </marc:datafield>
        <marc:datafield tag="650" ind1=" " ind2="7">
            <marc:subfield code="a">Rārangi pouaka whakaata.</marc:subfield>
            <marc:subfield code="2">reo</marc:subfield>
        </marc:datafield>
        <marc:datafield tag="650" ind1=" " ind2="7">
            <marc:subfield code="a">Mahi whakahaere.</marc:subfield>
            <marc:subfield code="2">reo</marc:subfield>
        </marc:datafield>
        <marc:datafield tag="650" ind1=" " ind2="7">
            <marc:subfield code="a">Reorua.</marc:subfield>
            <marc:subfield code="2">reo</marc:subfield>
        </marc:datafield>
        <marc:datafield tag="710" ind1="1" ind2="2">
            <marc:subfield code="a">New Zealand.</marc:subfield>
            <marc:subfield code="b">Māori Television.</marc:subfield>
            <marc:subfield code="t">Whakaawetia te whakaoranga o te reo Māori me ngā tikanga Māori.</marc:subfield>
        </marc:datafield>
        <marc:datafield tag="710" ind1="1" ind2="2">
            <marc:subfield code="a">New Zealand.</marc:subfield>
            <marc:subfield code="b">Māori Television.</marc:subfield>
            <marc:subfield code="t">Whakaawetia te whakaoranga o te reo Māori me ngā tikanga Māori.</marc:subfield>
            <marc:subfield code="l">English.</marc:subfield>
        </marc:datafield>
        <marc:datafield tag="856" ind1="4" ind2="0">
            <marc:subfield code="u">https://www.maoritelevision.com/sites/default/files/attachments/Te%20Anga%20Putanga%20M%C4%81ori%20Television%20Outcomes%20Framework_2019-2021.pdf</marc:subfield>
        </marc:datafield>
        <marc:datafield tag="856" ind1="4" ind2="0">
            <marc:subfield code="u">https://natlib-primo.hosted.exlibrisgroup.com/primo-explore/fulldisplay?docid=NLNZ_ALMA11361826410002836&amp;context=L&amp;vid=NLNZ&amp;search_scope=NLNZ&amp;tab=catalogue&amp;lang=en_US</marc:subfield>
            <marc:subfield code="z">Archived copy available at the National Library of New Zealand</marc:subfield>
            <marc:subfield code="x">Open Access</marc:subfield>
        </marc:datafield>
        <marc:datafield tag="901" ind1=" " ind2=" ">
            <marc:subfield code="a">VEA</marc:subfield>
        </marc:datafield>
        <marc:datafield tag="942" ind1=" " ind2=" ">
            <marc:subfield code="a">nznb 2021-07</marc:subfield>
        </marc:datafield>
    </marc:record>