
    <marc:record>
        <marc:leader>01800cam a2200361 i 4500</marc:leader>
        <marc:controlfield tag="001">9919142369602836</marc:controlfield>
        <marc:controlfield tag="005">20220125154448.0</marc:controlfield>
        <marc:controlfield tag="006">m|||||o||d||||||||</marc:controlfield>
        <marc:controlfield tag="007">cr#|||||||||||</marc:controlfield>
        <marc:controlfield tag="008">211109s2021    nz a    o    f00| 0 mao  </marc:controlfield>
        <marc:datafield tag="035" ind1=" " ind2=" ">
            <marc:subfield code="a">(OCoLC)1293447809</marc:subfield>
        </marc:datafield>
        <marc:datafield tag="040" ind1=" " ind2=" ">
            <marc:subfield code="a">Nz</marc:subfield>
            <marc:subfield code="b">eng</marc:subfield>
            <marc:subfield code="e">rda</marc:subfield>
            <marc:subfield code="c">Nz</marc:subfield>
        </marc:datafield>
        <marc:datafield tag="041" ind1="1" ind2=" ">
            <marc:subfield code="a">mao</marc:subfield>
            <marc:subfield code="h">eng</marc:subfield>
        </marc:datafield>
        <marc:datafield tag="042" ind1=" " ind2=" ">
            <marc:subfield code="a">nznb</marc:subfield>
        </marc:datafield>
        <marc:datafield tag="043" ind1=" " ind2=" ">
            <marc:subfield code="a">u-nz---</marc:subfield>
        </marc:datafield>
        <marc:datafield tag="110" ind1="1" ind2=" ">
            <marc:subfield code="a">New Zealand.</marc:subfield>
            <marc:subfield code="b">Oranga Tamariki-Ministry for Children.</marc:subfield>
            <marc:subfield code="b">Ministerial Advisory Board,</marc:subfield>
            <marc:subfield code="e">author.</marc:subfield>
        </marc:datafield>
        <marc:datafield tag="240" ind1="1" ind2="0">
            <marc:subfield code="a">Hipokingia ki te kahu aroha hipokingia ki te katoa.</marc:subfield>
            <marc:subfield code="l">Māori.</marc:subfield>
        </marc:datafield>
        <marc:datafield tag="245" ind1="1" ind2="0">
            <marc:subfield code="a">Hipokingia ki te kahu aroha hipokingia ki te katoa :</marc:subfield>
            <marc:subfield code="b">te pūrongo tuatahi a te Poari Arataki ā-Minita o Oranga T'mariki, Hōngongoi 2021.</marc:subfield>
        </marc:datafield>
        <marc:datafield tag="264" ind1=" " ind2="1">
            <marc:subfield code="a">[Wellington] :</marc:subfield>
            <marc:subfield code="b">[Oranga Tamariki],</marc:subfield>
            <marc:subfield code="c">[2021]</marc:subfield>
        </marc:datafield>
        <marc:datafield tag="300" ind1=" " ind2=" ">
            <marc:subfield code="a">1 online resource :</marc:subfield>
            <marc:subfield code="b">colour illustrations</marc:subfield>
        </marc:datafield>
        <marc:datafield tag="336" ind1=" " ind2=" ">
            <marc:subfield code="a">text</marc:subfield>
            <marc:subfield code="2">rdacontent</marc:subfield>
        </marc:datafield>
        <marc:datafield tag="337" ind1=" " ind2=" ">
            <marc:subfield code="a">computer</marc:subfield>
            <marc:subfield code="2">rdamedia</marc:subfield>
        </marc:datafield>
        <marc:datafield tag="338" ind1=" " ind2=" ">
            <marc:subfield code="a">online resource</marc:subfield>
            <marc:subfield code="2">rdacarrier</marc:subfield>
        </marc:datafield>
        <marc:datafield tag="347" ind1=" " ind2=" ">
            <marc:subfield code="3">National Library of New Zealand archived copy</marc:subfield>
            <marc:subfield code="a">text file</marc:subfield>
            <marc:subfield code="b">PDF</marc:subfield>
        </marc:datafield>
        <marc:datafield tag="500" ind1=" " ind2=" ">
            <marc:subfield code="a">Archived by the National Library of New Zealand in PDF.</marc:subfield>
            <marc:subfield code="5">Nz</marc:subfield>
        </marc:datafield>
        <marc:datafield tag="500" ind1=" " ind2=" ">
            <marc:subfield code="a">Hypertext links contained in the archived instances of this title may not be functional.</marc:subfield>
            <marc:subfield code="5">Nz</marc:subfield>
        </marc:datafield>
        <marc:datafield tag="610" ind1="1" ind2="0">
            <marc:subfield code="a">New Zealand.</marc:subfield>
            <marc:subfield code="b">Oranga Tamariki-Ministry for Children</marc:subfield>
        </marc:datafield>
        <marc:datafield tag="650" ind1=" " ind2="0">
            <marc:subfield code="a">Custody of children</marc:subfield>
            <marc:subfield code="z">New Zealand.</marc:subfield>
        </marc:datafield>
        <marc:datafield tag="650" ind1=" " ind2="7">
            <marc:subfield code="a">Mana tiaki tamariki.</marc:subfield>
            <marc:subfield code="2">reo</marc:subfield>
        </marc:datafield>
        <marc:datafield tag="710" ind1="1" ind2=" ">
            <marc:subfield code="i">Translation of:</marc:subfield>
            <marc:subfield code="a">New Zealand.</marc:subfield>
            <marc:subfield code="b">Oranga Tamariki-Ministry for Children.</marc:subfield>
            <marc:subfield code="b">Ministerial Advisory Board.</marc:subfield>
            <marc:subfield code="t">Hipokingia ki te kahu aroha hipokingia ki te katoa.</marc:subfield>
        </marc:datafield>
        <marc:datafield tag="856" ind1="4" ind2="0">
            <marc:subfield code="u">https://natlib-primo.hosted.exlibrisgroup.com/primo-explore/fulldisplay?docid=NLNZ_ALMA11371672080002836&amp;context=L&amp;vid=NLNZ&amp;search_scope=NLNZ&amp;tab=catalogue&amp;lang=en_US</marc:subfield>
            <marc:subfield code="z">Archived copy available at the National Library of New Zealand</marc:subfield>
            <marc:subfield code="x">Open Access</marc:subfield>
        </marc:datafield>
        <marc:datafield tag="901" ind1=" " ind2=" ">
            <marc:subfield code="a">SMC</marc:subfield>
        </marc:datafield>
        <marc:datafield tag="942" ind1=" " ind2=" ">
            <marc:subfield code="a">nznb 2021-12</marc:subfield>
        </marc:datafield>
    </marc:record>