
    <marc:record>
        <marc:leader>02505cam a2200517 i 4500</marc:leader>
        <marc:controlfield tag="001">9919051272502836</marc:controlfield>
        <marc:controlfield tag="005">20210511110024.0</marc:controlfield>
        <marc:controlfield tag="006">m|||||o||d||||||||</marc:controlfield>
        <marc:controlfield tag="007">cr#|||||||||||</marc:controlfield>
        <marc:controlfield tag="008">130617s2016    nz a    ob    00| 0 eng  </marc:controlfield>
        <marc:datafield tag="035" ind1=" " ind2=" ">
            <marc:subfield code="a">(OCoLC)1248933913</marc:subfield>
        </marc:datafield>
        <marc:datafield tag="040" ind1=" " ind2=" ">
            <marc:subfield code="a">Nz</marc:subfield>
            <marc:subfield code="b">eng</marc:subfield>
            <marc:subfield code="e">rda</marc:subfield>
            <marc:subfield code="c">Nz</marc:subfield>
        </marc:datafield>
        <marc:datafield tag="041" ind1=" " ind2=" ">
            <marc:subfield code="a">eng</marc:subfield>
            <marc:subfield code="a">mao</marc:subfield>
        </marc:datafield>
        <marc:datafield tag="042" ind1=" " ind2=" ">
            <marc:subfield code="a">nznb</marc:subfield>
        </marc:datafield>
        <marc:datafield tag="043" ind1=" " ind2=" ">
            <marc:subfield code="a">u-nz---</marc:subfield>
        </marc:datafield>
        <marc:datafield tag="100" ind1="1" ind2=" ">
            <marc:subfield code="a">Adds, Peter,</marc:subfield>
            <marc:subfield code="e">compiler.</marc:subfield>
        </marc:datafield>
        <marc:datafield tag="245" ind1="1" ind2="0">
            <marc:subfield code="a">Treaty of Waitangi at Victoria =</marc:subfield>
            <marc:subfield code="b">Te Tiriti of Waitangi ki te Whare Wānagna o te Ūpoko o te Ika a Māui /</marc:subfield>
            <marc:subfield code="c">compiled by Peter Adds and Meegan Hall.</marc:subfield>
        </marc:datafield>
        <marc:datafield tag="246" ind1="3" ind2="1">
            <marc:subfield code="a">Tiriti of Waitangi ki te Whare Wānagna o te Ūpoko o te Ika a Māui</marc:subfield>
        </marc:datafield>
        <marc:datafield tag="264" ind1=" " ind2="1">
            <marc:subfield code="a">[Wellington] :</marc:subfield>
            <marc:subfield code="b">Victoria University of Wellington, Te Whare Wānanga o te Ūpoko o te Ika a Māui,</marc:subfield>
            <marc:subfield code="c">2016.</marc:subfield>
        </marc:datafield>
        <marc:datafield tag="300" ind1=" " ind2=" ">
            <marc:subfield code="a">1 online resource :</marc:subfield>
            <marc:subfield code="b">colour illustrations</marc:subfield>
        </marc:datafield>
        <marc:datafield tag="336" ind1=" " ind2=" ">
            <marc:subfield code="a">text</marc:subfield>
            <marc:subfield code="2">rdacontent</marc:subfield>
        </marc:datafield>
        <marc:datafield tag="337" ind1=" " ind2=" ">
            <marc:subfield code="a">computer</marc:subfield>
            <marc:subfield code="2">rdamedia</marc:subfield>
        </marc:datafield>
        <marc:datafield tag="338" ind1=" " ind2=" ">
            <marc:subfield code="a">online resource</marc:subfield>
            <marc:subfield code="2">rdacarrier</marc:subfield>
        </marc:datafield>
        <marc:datafield tag="347" ind1=" " ind2=" ">
            <marc:subfield code="3">National Library of New Zealand archived copy</marc:subfield>
            <marc:subfield code="a">text file</marc:subfield>
            <marc:subfield code="b">PDF</marc:subfield>
        </marc:datafield>
        <marc:datafield tag="500" ind1=" " ind2=" ">
            <marc:subfield code="a">Archived by the National Library of New Zealand in PDF.</marc:subfield>
            <marc:subfield code="5">Nz</marc:subfield>
        </marc:datafield>
        <marc:datafield tag="500" ind1=" " ind2=" ">
            <marc:subfield code="a">Hypertext links contained in the archived instances of this title may not be functional.</marc:subfield>
        </marc:datafield>
        <marc:datafield tag="504" ind1=" " ind2=" ">
            <marc:subfield code="a">Includes bibliographical references.</marc:subfield>
        </marc:datafield>
        <marc:datafield tag="546" ind1=" " ind2=" ">
            <marc:subfield code="a">In English with some Māori; includes both the Māori and English texts of the 1835 Declaration of Independence and the Treaty of Waitangi.</marc:subfield>
        </marc:datafield>
        <marc:datafield tag="610" ind1="2" ind2="0">
            <marc:subfield code="a">Victoria University of Wellington</marc:subfield>
            <marc:subfield code="x">Administration.</marc:subfield>
        </marc:datafield>
        <marc:datafield tag="630" ind1="0" ind2="0">
            <marc:subfield code="a">Treaty of Waitangi</marc:subfield>
            <marc:subfield code="d">(1840 February 6)</marc:subfield>
        </marc:datafield>
        <marc:datafield tag="650" ind1=" " ind2="0">
            <marc:subfield code="a">Maori (New Zealand people)</marc:subfield>
            <marc:subfield code="x">Government relations</marc:subfield>
            <marc:subfield code="x">History.</marc:subfield>
        </marc:datafield>
        <marc:datafield tag="650" ind1=" " ind2="0">
            <marc:subfield code="a">Biculturalism</marc:subfield>
            <marc:subfield code="z">New Zealand.</marc:subfield>
        </marc:datafield>
        <marc:datafield tag="650" ind1=" " ind2="7">
            <marc:subfield code="a">Tiriti o Waitangi.</marc:subfield>
            <marc:subfield code="2">reo</marc:subfield>
        </marc:datafield>
        <marc:datafield tag="650" ind1=" " ind2="7">
            <marc:subfield code="a">Kōrero nehe.</marc:subfield>
            <marc:subfield code="2">reo</marc:subfield>
        </marc:datafield>
        <marc:datafield tag="650" ind1=" " ind2="7">
            <marc:subfield code="a">Noho-ā-iwi.</marc:subfield>
            <marc:subfield code="2">reo</marc:subfield>
        </marc:datafield>
        <marc:datafield tag="650" ind1=" " ind2="7">
            <marc:subfield code="a">Tōrangapū.</marc:subfield>
            <marc:subfield code="2">reo</marc:subfield>
        </marc:datafield>
        <marc:datafield tag="650" ind1=" " ind2="7">
            <marc:subfield code="a">Taipūwhenuatanga.</marc:subfield>
            <marc:subfield code="2">reo</marc:subfield>
        </marc:datafield>
        <marc:datafield tag="650" ind1=" " ind2="7">
            <marc:subfield code="a">Rangatira.</marc:subfield>
            <marc:subfield code="2">reo</marc:subfield>
        </marc:datafield>
        <marc:datafield tag="651" ind1=" " ind2="0">
            <marc:subfield code="a">New Zealand</marc:subfield>
            <marc:subfield code="x">Race relations.</marc:subfield>
        </marc:datafield>
        <marc:datafield tag="700" ind1="1" ind2=" ">
            <marc:subfield code="a">Hall, Meegan,</marc:subfield>
            <marc:subfield code="e">compiler.</marc:subfield>
        </marc:datafield>
        <marc:datafield tag="710" ind1="2" ind2=" ">
            <marc:subfield code="a">Victoria University of Wellington,</marc:subfield>
            <marc:subfield code="e">issuing body.</marc:subfield>
        </marc:datafield>
        <marc:datafield tag="776" ind1="0" ind2="8">
            <marc:subfield code="i">Print version:</marc:subfield>
            <marc:subfield code="t">Treaty of Waitangi at Victoria</marc:subfield>
            <marc:subfield code="w">(Nz)9919060070202836</marc:subfield>
        </marc:datafield>
        <marc:datafield tag="856" ind1="4" ind2="0">
            <marc:subfield code="u">https://www.wgtn.ac.nz/documents/publications/treaty-of-waitangi-at-victoria-university-of-wellington.pdf</marc:subfield>
        </marc:datafield>
        <marc:datafield tag="856" ind1="4" ind2="0">
            <marc:subfield code="u">https://natlib-primo.hosted.exlibrisgroup.com/primo-explore/fulldisplay?docid=NLNZ_ALMA11360031400002836&amp;context=L&amp;vid=NLNZ&amp;search_scope=NLNZ&amp;tab=catalogue&amp;lang=en_US</marc:subfield>
            <marc:subfield code="z">Archived copy available at the National Library of New Zealand</marc:subfield>
            <marc:subfield code="x">Open Access</marc:subfield>
        </marc:datafield>
        <marc:datafield tag="901" ind1=" " ind2=" ">
            <marc:subfield code="a">GDS</marc:subfield>
        </marc:datafield>
        <marc:datafield tag="942" ind1=" " ind2=" ">
            <marc:subfield code="a">nznb 2021-05</marc:subfield>
        </marc:datafield>
    </marc:record>