
    <marc:record>
        <marc:leader>01544cam a2200349 i 4500</marc:leader>
        <marc:controlfield tag="001">9918174958402836</marc:controlfield>
        <marc:controlfield tag="005">20181207172012.0</marc:controlfield>
        <marc:controlfield tag="006">m     o  d        </marc:controlfield>
        <marc:controlfield tag="007">cr#mn#|||a||||</marc:controlfield>
        <marc:controlfield tag="008">130617s2017    nz a    o     000 0 eng  </marc:controlfield>
        <marc:datafield tag="035" ind1=" " ind2=" ">
            <marc:subfield code="a">(OCoLC)1078491239</marc:subfield>
        </marc:datafield>
        <marc:datafield tag="040" ind1=" " ind2=" ">
            <marc:subfield code="a">NZNB</marc:subfield>
            <marc:subfield code="b">eng</marc:subfield>
            <marc:subfield code="e">rda</marc:subfield>
            <marc:subfield code="c">NZNB</marc:subfield>
        </marc:datafield>
        <marc:datafield tag="041" ind1="0" ind2=" ">
            <marc:subfield code="a">eng</marc:subfield>
            <marc:subfield code="a">mao</marc:subfield>
        </marc:datafield>
        <marc:datafield tag="042" ind1=" " ind2=" ">
            <marc:subfield code="a">nznb</marc:subfield>
        </marc:datafield>
        <marc:datafield tag="043" ind1=" " ind2=" ">
            <marc:subfield code="a">u-nz---</marc:subfield>
        </marc:datafield>
        <marc:datafield tag="245" ind1="0" ind2="0">
            <marc:subfield code="a">Parenting through challenging times.</marc:subfield>
        </marc:datafield>
        <marc:datafield tag="264" ind1=" " ind2="1">
            <marc:subfield code="a">[Wellington] :</marc:subfield>
            <marc:subfield code="b">Matua Rak̲i,</marc:subfield>
            <marc:subfield code="c">[2017]</marc:subfield>
        </marc:datafield>
        <marc:datafield tag="300" ind1=" " ind2=" ">
            <marc:subfield code="a">1 online resource :</marc:subfield>
            <marc:subfield code="b">colour illustrations</marc:subfield>
        </marc:datafield>
        <marc:datafield tag="336" ind1=" " ind2=" ">
            <marc:subfield code="a">text</marc:subfield>
            <marc:subfield code="2">rdacontent</marc:subfield>
        </marc:datafield>
        <marc:datafield tag="337" ind1=" " ind2=" ">
            <marc:subfield code="a">computer</marc:subfield>
            <marc:subfield code="2">rdamedia</marc:subfield>
        </marc:datafield>
        <marc:datafield tag="338" ind1=" " ind2=" ">
            <marc:subfield code="a">online resource</marc:subfield>
            <marc:subfield code="2">rdacarrier</marc:subfield>
        </marc:datafield>
        <marc:datafield tag="347" ind1=" " ind2=" ">
            <marc:subfield code="3">National Library of New Zealand archived copy</marc:subfield>
            <marc:subfield code="a">text file</marc:subfield>
            <marc:subfield code="b">PDF</marc:subfield>
        </marc:datafield>
        <marc:datafield tag="500" ind1=" " ind2=" ">
            <marc:subfield code="a">Archived by the National Library of New Zealand in PDF.</marc:subfield>
            <marc:subfield code="5">Nz</marc:subfield>
        </marc:datafield>
        <marc:datafield tag="500" ind1=" " ind2=" ">
            <marc:subfield code="a">Hypertext links contained in the archived instances of this title may not be functional.</marc:subfield>
            <marc:subfield code="5">Nz</marc:subfield>
        </marc:datafield>
        <marc:datafield tag="546" ind1=" " ind2=" ">
            <marc:subfield code="a">In English, with some Māori.</marc:subfield>
        </marc:datafield>
        <marc:datafield tag="650" ind1=" " ind2="0">
            <marc:subfield code="a">Parent and child</marc:subfield>
            <marc:subfield code="z">New Zealand.</marc:subfield>
        </marc:datafield>
        <marc:datafield tag="650" ind1=" " ind2="0">
            <marc:subfield code="a">Mentally ill</marc:subfield>
            <marc:subfield code="x">Family relationships</marc:subfield>
            <marc:subfield code="z">New Zealand.</marc:subfield>
        </marc:datafield>
        <marc:datafield tag="650" ind1=" " ind2="0">
            <marc:subfield code="a">Alcoholics</marc:subfield>
            <marc:subfield code="x">Family relationships</marc:subfield>
            <marc:subfield code="z">New Zealand.</marc:subfield>
        </marc:datafield>
        <marc:datafield tag="710" ind1="2" ind2=" ">
            <marc:subfield code="a">Matua Raki (Program),</marc:subfield>
            <marc:subfield code="e">issuing body.</marc:subfield>
        </marc:datafield>
        <marc:datafield tag="776" ind1="0" ind2="8">
            <marc:subfield code="i">Print version:</marc:subfield>
            <marc:subfield code="t">Parenting through challenging times</marc:subfield>
            <marc:subfield code="w">(Nz)9918174648002836</marc:subfield>
        </marc:datafield>
        <marc:datafield tag="856" ind1="4" ind2="0">
            <marc:subfield code="u">https://www.matuaraki.org.nz/uploads/files/MR-Parenting%20through%20challenging%20times%20A5%20%C6%92-web(2).pdf</marc:subfield>
        </marc:datafield>
        <marc:datafield tag="856" ind1="4" ind2="0">
            <marc:subfield code="u">http://natlib-primo.hosted.exlibrisgroup.com/NLNZ:NLNZ:NLNZ_ALMA11298391700002836</marc:subfield>
            <marc:subfield code="z">Archived copy available at the National Library of New Zealand</marc:subfield>
            <marc:subfield code="x">Open Access</marc:subfield>
        </marc:datafield>
    </marc:record>