
    <marc:record>
        <marc:leader>01883cam a2200445 i 4500</marc:leader>
        <marc:controlfield tag="001">9918193170502836</marc:controlfield>
        <marc:controlfield tag="005">20180716142104.0</marc:controlfield>
        <marc:controlfield tag="006">m     o  d        </marc:controlfield>
        <marc:controlfield tag="007">cr#bn#|||a||||</marc:controlfield>
        <marc:controlfield tag="008">130617s200u    nz a    o    f00| 0 mao  </marc:controlfield>
        <marc:datafield tag="035" ind1=" " ind2=" ">
            <marc:subfield code="a">(OCoLC)1044901385</marc:subfield>
        </marc:datafield>
        <marc:datafield tag="037" ind1=" " ind2=" ">
            <marc:subfield code="a">SKIP 165</marc:subfield>
            <marc:subfield code="b">S.K.I.P.</marc:subfield>
        </marc:datafield>
        <marc:datafield tag="037" ind1=" " ind2=" ">
            <marc:subfield code="a">MoE 11160</marc:subfield>
            <marc:subfield code="b">Ministry of Education</marc:subfield>
        </marc:datafield>
        <marc:datafield tag="040" ind1=" " ind2=" ">
            <marc:subfield code="a">NZNB</marc:subfield>
            <marc:subfield code="b">eng</marc:subfield>
            <marc:subfield code="e">rda</marc:subfield>
            <marc:subfield code="c">NZNB</marc:subfield>
        </marc:datafield>
        <marc:datafield tag="041" ind1="0" ind2=" ">
            <marc:subfield code="a">mao</marc:subfield>
            <marc:subfield code="a">eng</marc:subfield>
        </marc:datafield>
        <marc:datafield tag="042" ind1=" " ind2=" ">
            <marc:subfield code="a">nznb</marc:subfield>
        </marc:datafield>
        <marc:datafield tag="043" ind1=" " ind2=" ">
            <marc:subfield code="a">u-nz---</marc:subfield>
        </marc:datafield>
        <marc:datafield tag="245" ind1="0" ind2="0">
            <marc:subfield code="a">Baby's wall frieze :</marc:subfield>
            <marc:subfield code="b">to brighten your baby's bedroom wall.</marc:subfield>
        </marc:datafield>
        <marc:datafield tag="264" ind1=" " ind2="1">
            <marc:subfield code="a">[Wellington] :</marc:subfield>
            <marc:subfield code="b">S.K.I.P, Ministry of Social Development, Ministry of Education, Team-up.</marc:subfield>
            <marc:subfield code="c">[200-?]</marc:subfield>
        </marc:datafield>
        <marc:datafield tag="300" ind1=" " ind2=" ">
            <marc:subfield code="a">1 online resource</marc:subfield>
        </marc:datafield>
        <marc:datafield tag="336" ind1=" " ind2=" ">
            <marc:subfield code="a">text</marc:subfield>
            <marc:subfield code="2">rdacontent</marc:subfield>
        </marc:datafield>
        <marc:datafield tag="336" ind1=" " ind2=" ">
            <marc:subfield code="a">still image</marc:subfield>
            <marc:subfield code="2">rdacontent</marc:subfield>
        </marc:datafield>
        <marc:datafield tag="337" ind1=" " ind2=" ">
            <marc:subfield code="a">computer</marc:subfield>
            <marc:subfield code="2">rdamedia</marc:subfield>
        </marc:datafield>
        <marc:datafield tag="338" ind1=" " ind2=" ">
            <marc:subfield code="a">online resource</marc:subfield>
            <marc:subfield code="2">rdacarrier</marc:subfield>
        </marc:datafield>
        <marc:datafield tag="347" ind1=" " ind2=" ">
            <marc:subfield code="3">National Library of New Zealand archived copy</marc:subfield>
            <marc:subfield code="a">text file</marc:subfield>
            <marc:subfield code="b">PDF</marc:subfield>
        </marc:datafield>
        <marc:datafield tag="500" ind1=" " ind2=" ">
            <marc:subfield code="a">Archived by the National Library of New Zealand in PDF.</marc:subfield>
            <marc:subfield code="5">Nz</marc:subfield>
        </marc:datafield>
        <marc:datafield tag="500" ind1=" " ind2=" ">
            <marc:subfield code="a">Digital file supplied by the Ministry of Social Development in 2017.</marc:subfield>
        </marc:datafield>
        <marc:datafield tag="500" ind1=" " ind2=" ">
            <marc:subfield code="a">Hypertext links contained in the archived instances of this title may not be functional.</marc:subfield>
            <marc:subfield code="5">Nz</marc:subfield>
        </marc:datafield>
        <marc:datafield tag="500" ind1=" " ind2=" ">
            <marc:subfield code="a">Wall frieze for parents of small children with positive messages on parenting.</marc:subfield>
        </marc:datafield>
        <marc:datafield tag="546" ind1=" " ind2=" ">
            <marc:subfield code="a">Phrases in Māori and English.</marc:subfield>
        </marc:datafield>
        <marc:datafield tag="650" ind1=" " ind2="0">
            <marc:subfield code="a">Parenting</marc:subfield>
            <marc:subfield code="v">Pictorial works.</marc:subfield>
        </marc:datafield>
        <marc:datafield tag="650" ind1=" " ind2="0">
            <marc:subfield code="a">Positive psychology.</marc:subfield>
        </marc:datafield>
        <marc:datafield tag="650" ind1=" " ind2="7">
            <marc:subfield code="a">Mātua</marc:subfield>
            <marc:subfield code="2">reo</marc:subfield>
        </marc:datafield>
        <marc:datafield tag="650" ind1=" " ind2="7">
            <marc:subfield code="a">Reorua.</marc:subfield>
            <marc:subfield code="2">reo</marc:subfield>
        </marc:datafield>
        <marc:datafield tag="650" ind1=" " ind2="7">
            <marc:subfield code="a">Reo Māori.</marc:subfield>
            <marc:subfield code="2">reo</marc:subfield>
        </marc:datafield>
        <marc:datafield tag="710" ind1="1" ind2=" ">
            <marc:subfield code="a">New Zealand.</marc:subfield>
            <marc:subfield code="b">S.K.I.P.,</marc:subfield>
            <marc:subfield code="e">issuing body.</marc:subfield>
        </marc:datafield>
        <marc:datafield tag="710" ind1="1" ind2=" ">
            <marc:subfield code="a">New Zealand.</marc:subfield>
            <marc:subfield code="b">Ministry of Social Development.</marc:subfield>
            <marc:subfield code="e">issuing body.</marc:subfield>
        </marc:datafield>
        <marc:datafield tag="710" ind1="1" ind2=" ">
            <marc:subfield code="a">New Zealand.</marc:subfield>
            <marc:subfield code="b">Ministry of Education,</marc:subfield>
            <marc:subfield code="e">issuing body.</marc:subfield>
        </marc:datafield>
        <marc:datafield tag="710" ind1="2" ind2=" ">
            <marc:subfield code="a">Team-Up (Program),</marc:subfield>
            <marc:subfield code="e">issuing body.</marc:subfield>
        </marc:datafield>
        <marc:datafield tag="856" ind1="4" ind2="0">
            <marc:subfield code="u">http://natlib-primo.hosted.exlibrisgroup.com/NLNZ:NLNZ:NLNZ_ALMA11306127200002836</marc:subfield>
            <marc:subfield code="z">Archived copy available at the National Library of New Zealand</marc:subfield>
            <marc:subfield code="x">Open Access</marc:subfield>
        </marc:datafield>
    </marc:record>