
    <marc:record>
        <marc:leader>02150cam a2200457 a 4500</marc:leader>
        <marc:controlfield tag="001">9918199651702836</marc:controlfield>
        <marc:controlfield tag="005">20180615121820.0</marc:controlfield>
        <marc:controlfield tag="006">m     o  d        </marc:controlfield>
        <marc:controlfield tag="007">cr#bn#|||ana||</marc:controlfield>
        <marc:controlfield tag="008">180523s1996    nz      o    f000 0 eng  </marc:controlfield>
        <marc:datafield tag="020" ind1=" " ind2=" ">
            <marc:subfield code="z">0478060270 (pbk.)</marc:subfield>
        </marc:datafield>
        <marc:datafield tag="035" ind1=" " ind2=" ">
            <marc:subfield code="a">(OCoLC)1037254833</marc:subfield>
        </marc:datafield>
        <marc:datafield tag="040" ind1=" " ind2=" ">
            <marc:subfield code="a">NZNB</marc:subfield>
            <marc:subfield code="c">NZNB</marc:subfield>
        </marc:datafield>
        <marc:datafield tag="041" ind1="0" ind2=" ">
            <marc:subfield code="a">eng</marc:subfield>
            <marc:subfield code="a">mao</marc:subfield>
        </marc:datafield>
        <marc:datafield tag="042" ind1=" " ind2=" ">
            <marc:subfield code="a">nznb</marc:subfield>
        </marc:datafield>
        <marc:datafield tag="043" ind1=" " ind2=" ">
            <marc:subfield code="a">u-nz---</marc:subfield>
        </marc:datafield>
        <marc:datafield tag="110" ind1="1" ind2=" ">
            <marc:subfield code="a">New Zealand.</marc:subfield>
        </marc:datafield>
        <marc:datafield tag="245" ind1="1" ind2="0">
            <marc:subfield code="a">New Zealand Government statement of policy on family violence.</marc:subfield>
        </marc:datafield>
        <marc:datafield tag="246" ind1="1" ind2=" ">
            <marc:subfield code="i">Other title:</marc:subfield>
            <marc:subfield code="a">Tauaki kaupapa here a Te Kawanatanga o Aotearoa e pa ana ki nga tukinotanga a-whanau</marc:subfield>
        </marc:datafield>
        <marc:datafield tag="246" ind1="3" ind2="0">
            <marc:subfield code="a">Family violence</marc:subfield>
        </marc:datafield>
        <marc:datafield tag="260" ind1=" " ind2=" ">
            <marc:subfield code="a">Wellington, N.Z. :</marc:subfield>
            <marc:subfield code="b">Dept. of the Prime Minister and Cabinet, Crime Prevention Unit :</marc:subfield>
            <marc:subfield code="b">Dept. of Social Welfare, Family Violence Unit,</marc:subfield>
            <marc:subfield code="c">[1996]</marc:subfield>
        </marc:datafield>
        <marc:datafield tag="300" ind1=" " ind2=" ">
            <marc:subfield code="a">1 online resource</marc:subfield>
        </marc:datafield>
        <marc:datafield tag="336" ind1=" " ind2=" ">
            <marc:subfield code="a">text</marc:subfield>
            <marc:subfield code="2">rdacontent</marc:subfield>
        </marc:datafield>
        <marc:datafield tag="337" ind1=" " ind2=" ">
            <marc:subfield code="a">computer</marc:subfield>
            <marc:subfield code="2">rdamedia</marc:subfield>
        </marc:datafield>
        <marc:datafield tag="338" ind1=" " ind2=" ">
            <marc:subfield code="a">online resource</marc:subfield>
            <marc:subfield code="2">rdacarrier</marc:subfield>
        </marc:datafield>
        <marc:datafield tag="347" ind1=" " ind2=" ">
            <marc:subfield code="3">National Library of New Zealand archived copy</marc:subfield>
            <marc:subfield code="a">text file</marc:subfield>
            <marc:subfield code="b">PDF</marc:subfield>
        </marc:datafield>
        <marc:datafield tag="500" ind1=" " ind2=" ">
            <marc:subfield code="a">Archived by the National Library of New Zealand in PDF.</marc:subfield>
            <marc:subfield code="5">Nz</marc:subfield>
        </marc:datafield>
        <marc:datafield tag="500" ind1=" " ind2=" ">
            <marc:subfield code="a">Text in English and Maori.</marc:subfield>
        </marc:datafield>
        <marc:datafield tag="500" ind1=" " ind2=" ">
            <marc:subfield code="a">&quot;June 1996.&quot;</marc:subfield>
        </marc:datafield>
        <marc:datafield tag="588" ind1=" " ind2=" ">
            <marc:subfield code="a">Description based on record for print book.</marc:subfield>
            <marc:subfield code="5">Nz</marc:subfield>
        </marc:datafield>
        <marc:datafield tag="500" ind1=" " ind2=" ">
            <marc:subfield code="a">Hypertext links contained in the archived instances of this title may not be functional.</marc:subfield>
            <marc:subfield code="5">Nz</marc:subfield>
        </marc:datafield>
        <marc:datafield tag="500" ind1=" " ind2=" ">
            <marc:subfield code="a">Digital file supplied by the Ministry of Social Development in 2017.</marc:subfield>
        </marc:datafield>
        <marc:datafield tag="650" ind1=" " ind2="0">
            <marc:subfield code="a">Family violence</marc:subfield>
            <marc:subfield code="x">Government policy</marc:subfield>
            <marc:subfield code="z">New Zealand.</marc:subfield>
        </marc:datafield>
        <marc:datafield tag="650" ind1=" " ind2="0">
            <marc:subfield code="a">Family violence</marc:subfield>
            <marc:subfield code="z">New Zealand</marc:subfield>
            <marc:subfield code="x">Prevention.</marc:subfield>
        </marc:datafield>
        <marc:datafield tag="650" ind1=" " ind2="0">
            <marc:subfield code="a">Victims of family violence</marc:subfield>
            <marc:subfield code="x">Services for</marc:subfield>
            <marc:subfield code="x">Government policy</marc:subfield>
            <marc:subfield code="z">New Zealand.</marc:subfield>
        </marc:datafield>
        <marc:datafield tag="650" ind1=" " ind2="7">
            <marc:subfield code="a">Pārurenga.</marc:subfield>
            <marc:subfield code="2">reo</marc:subfield>
        </marc:datafield>
        <marc:datafield tag="710" ind1="1" ind2=" ">
            <marc:subfield code="a">New Zealand.</marc:subfield>
            <marc:subfield code="b">Department of the Prime Minister and Cabinet.</marc:subfield>
            <marc:subfield code="b">Crime Prevention Unit.</marc:subfield>
        </marc:datafield>
        <marc:datafield tag="710" ind1="1" ind2=" ">
            <marc:subfield code="a">New Zealand.</marc:subfield>
            <marc:subfield code="b">Department of Social Welfare.</marc:subfield>
            <marc:subfield code="b">Family Violence Unit.</marc:subfield>
        </marc:datafield>
        <marc:datafield tag="776" ind1="0" ind2="8">
            <marc:subfield code="i">Print version:</marc:subfield>
            <marc:subfield code="t">New Zealand Government statement of policy on family violence</marc:subfield>
            <marc:subfield code="w">(Nz)992705813502836</marc:subfield>
        </marc:datafield>
        <marc:datafield tag="856" ind1="4" ind2="0">
            <marc:subfield code="u">http://natlib-primo.hosted.exlibrisgroup.com/NLNZ:NLNZ:NLNZ_ALMA11308498930002836</marc:subfield>
            <marc:subfield code="z">Archived copy available at the National Library of New Zealand</marc:subfield>
            <marc:subfield code="x">Open Access</marc:subfield>
        </marc:datafield>
        <marc:datafield tag="942" ind1=" " ind2=" ">
            <marc:subfield code="a">nznb 2018-06</marc:subfield>
        </marc:datafield>
    </marc:record>