
    <marc:record>
        <marc:leader>02467cam a2200565 i 4500</marc:leader>
        <marc:controlfield tag="001">9918206273502836</marc:controlfield>
        <marc:controlfield tag="005">20180830104415.0</marc:controlfield>
        <marc:controlfield tag="006">m|||||o||d||||||||</marc:controlfield>
        <marc:controlfield tag="007">cr#|||||||||||</marc:controlfield>
        <marc:controlfield tag="008">130617t20172017nz      o     00| 0 eng  </marc:controlfield>
        <marc:datafield tag="020" ind1=" " ind2=" ">
            <marc:subfield code="a">9780947509897</marc:subfield>
            <marc:subfield code="q">online</marc:subfield>
        </marc:datafield>
        <marc:datafield tag="035" ind1=" " ind2=" ">
            <marc:subfield code="a">(OCoLC)1050346846</marc:subfield>
        </marc:datafield>
        <marc:datafield tag="040" ind1=" " ind2=" ">
            <marc:subfield code="a">NZNB</marc:subfield>
            <marc:subfield code="b">eng</marc:subfield>
            <marc:subfield code="e">rda</marc:subfield>
            <marc:subfield code="c">NZNB</marc:subfield>
        </marc:datafield>
        <marc:datafield tag="041" ind1="0" ind2=" ">
            <marc:subfield code="a">eng</marc:subfield>
            <marc:subfield code="a">mao</marc:subfield>
        </marc:datafield>
        <marc:datafield tag="042" ind1=" " ind2=" ">
            <marc:subfield code="a">nznb</marc:subfield>
        </marc:datafield>
        <marc:datafield tag="043" ind1=" " ind2=" ">
            <marc:subfield code="a">u-nz---</marc:subfield>
        </marc:datafield>
        <marc:datafield tag="100" ind1="1" ind2=" ">
            <marc:subfield code="a">Bright, Nicola,</marc:subfield>
            <marc:subfield code="d">1974-</marc:subfield>
            <marc:subfield code="e">author.</marc:subfield>
        </marc:datafield>
        <marc:datafield tag="245" ind1="1" ind2="0">
            <marc:subfield code="a">Ruatoki community report =</marc:subfield>
            <marc:subfield code="b">He pūrongo mō Ruatoki /</marc:subfield>
            <marc:subfield code="c">Nicola Bright, Maraea Hunia and Basil Keane with Rawinia Higgins and Titoki Black and with Rachel Felgate and Cathy Wylie.</marc:subfield>
        </marc:datafield>
        <marc:datafield tag="246" ind1="1" ind2="1">
            <marc:subfield code="a">Pūrongo mō Ruatoki</marc:subfield>
        </marc:datafield>
        <marc:datafield tag="264" ind1=" " ind2="1">
            <marc:subfield code="a">Wellington, New Zealand :</marc:subfield>
            <marc:subfield code="b">Te Wāhanga, NZCER,</marc:subfield>
            <marc:subfield code="c">[2017]</marc:subfield>
        </marc:datafield>
        <marc:datafield tag="264" ind1=" " ind2="4">
            <marc:subfield code="c">©2017</marc:subfield>
        </marc:datafield>
        <marc:datafield tag="300" ind1=" " ind2=" ">
            <marc:subfield code="a">1 online resource</marc:subfield>
        </marc:datafield>
        <marc:datafield tag="336" ind1=" " ind2=" ">
            <marc:subfield code="a">text</marc:subfield>
            <marc:subfield code="2">rdacontent</marc:subfield>
        </marc:datafield>
        <marc:datafield tag="337" ind1=" " ind2=" ">
            <marc:subfield code="a">computer</marc:subfield>
            <marc:subfield code="2">rdamedia</marc:subfield>
        </marc:datafield>
        <marc:datafield tag="338" ind1=" " ind2=" ">
            <marc:subfield code="a">online resource</marc:subfield>
            <marc:subfield code="2">rdacarrier</marc:subfield>
        </marc:datafield>
        <marc:datafield tag="347" ind1=" " ind2=" ">
            <marc:subfield code="3">National Library of New Zealand archived copy</marc:subfield>
            <marc:subfield code="a">text file</marc:subfield>
            <marc:subfield code="b">PDF</marc:subfield>
        </marc:datafield>
        <marc:datafield tag="490" ind1="1" ind2=" ">
            <marc:subfield code="a">Te ahu o te reo = Te reo Māori in homes and communities</marc:subfield>
        </marc:datafield>
        <marc:datafield tag="500" ind1=" " ind2=" ">
            <marc:subfield code="a">Archived by the National Library of New Zealand in PDF.</marc:subfield>
            <marc:subfield code="5">Nz</marc:subfield>
        </marc:datafield>
        <marc:datafield tag="500" ind1=" " ind2=" ">
            <marc:subfield code="a">Hypertext links contained in the archived instances of this title may not be functional.</marc:subfield>
            <marc:subfield code="5">Nz</marc:subfield>
        </marc:datafield>
        <marc:datafield tag="546" ind1=" " ind2=" ">
            <marc:subfield code="a">Text primarily in English, with some Māori.</marc:subfield>
        </marc:datafield>
        <marc:datafield tag="650" ind1=" " ind2="0">
            <marc:subfield code="a">Maori language</marc:subfield>
            <marc:subfield code="z">New Zealand</marc:subfield>
            <marc:subfield code="z">Bay of Plenty (Region).</marc:subfield>
        </marc:datafield>
        <marc:datafield tag="650" ind1=" " ind2="0">
            <marc:subfield code="a">Maori language</marc:subfield>
            <marc:subfield code="x">Spoken Maori</marc:subfield>
            <marc:subfield code="z">New Zealand</marc:subfield>
            <marc:subfield code="z">Bay of Plenty (Region).</marc:subfield>
        </marc:datafield>
        <marc:datafield tag="650" ind1=" " ind2="0">
            <marc:subfield code="a">Maori language</marc:subfield>
            <marc:subfield code="x">Social aspects</marc:subfield>
            <marc:subfield code="z">New Zealand</marc:subfield>
            <marc:subfield code="z">Bay of Plenty (Region).</marc:subfield>
        </marc:datafield>
        <marc:datafield tag="650" ind1=" " ind2="0">
            <marc:subfield code="a">Maori language</marc:subfield>
            <marc:subfield code="z">New Zealand</marc:subfield>
            <marc:subfield code="z">Bay of Plenty (Region)</marc:subfield>
            <marc:subfield code="x">Revival.</marc:subfield>
        </marc:datafield>
        <marc:datafield tag="650" ind1=" " ind2="0">
            <marc:subfield code="a">Maori (New Zealand people)</marc:subfield>
            <marc:subfield code="z">New Zealand</marc:subfield>
            <marc:subfield code="z">Bay of Plenty (Region)</marc:subfield>
        </marc:datafield>
        <marc:datafield tag="650" ind1=" " ind2="7">
            <marc:subfield code="a">Reo Māori.</marc:subfield>
            <marc:subfield code="2">reo</marc:subfield>
        </marc:datafield>
        <marc:datafield tag="650" ind1=" " ind2="7">
            <marc:subfield code="a">Whakaora reo.</marc:subfield>
            <marc:subfield code="2">reo</marc:subfield>
        </marc:datafield>
        <marc:datafield tag="650" ind1=" " ind2="7">
            <marc:subfield code="a">Rangahau Māori.</marc:subfield>
            <marc:subfield code="2">reo</marc:subfield>
        </marc:datafield>
        <marc:datafield tag="650" ind1=" " ind2="7">
            <marc:subfield code="a">Whānau.</marc:subfield>
            <marc:subfield code="2">reo</marc:subfield>
        </marc:datafield>
        <marc:datafield tag="700" ind1="1" ind2=" ">
            <marc:subfield code="a">Hunia, Maraea,</marc:subfield>
            <marc:subfield code="e">author.</marc:subfield>
        </marc:datafield>
        <marc:datafield tag="700" ind1="1" ind2=" ">
            <marc:subfield code="a">Keane, Basil,</marc:subfield>
            <marc:subfield code="e">author.</marc:subfield>
        </marc:datafield>
        <marc:datafield tag="700" ind1="1" ind2=" ">
            <marc:subfield code="a">Higgins, Rawinia,</marc:subfield>
            <marc:subfield code="e">author.</marc:subfield>
        </marc:datafield>
        <marc:datafield tag="700" ind1="1" ind2=" ">
            <marc:subfield code="a">Black, Titoki,</marc:subfield>
            <marc:subfield code="e">author.</marc:subfield>
        </marc:datafield>
        <marc:datafield tag="700" ind1="1" ind2=" ">
            <marc:subfield code="a">Felgate, Rachel.</marc:subfield>
        </marc:datafield>
        <marc:datafield tag="700" ind1="1" ind2=" ">
            <marc:subfield code="a">Wylie, Cathy,</marc:subfield>
            <marc:subfield code="e">author.</marc:subfield>
        </marc:datafield>
        <marc:datafield tag="710" ind1="2" ind2=" ">
            <marc:subfield code="a">New Zealand Council for Educational Research,</marc:subfield>
            <marc:subfield code="e">issuing body.</marc:subfield>
        </marc:datafield>
        <marc:datafield tag="830" ind1=" " ind2="0">
            <marc:subfield code="a">Ahu o te reo.</marc:subfield>
        </marc:datafield>
        <marc:datafield tag="856" ind1="4" ind2="0">
            <marc:subfield code="u">http://www.nzcer.org.nz/system/files/Te%20Ahu%20o%20te%20Reo%20Ruatoki%20English.pdf</marc:subfield>
        </marc:datafield>
        <marc:datafield tag="856" ind1="4" ind2="0">
            <marc:subfield code="u">http://natlib-primo.hosted.exlibrisgroup.com/NLNZ:NLNZ:NLNZ_ALMA11311677810002836</marc:subfield>
            <marc:subfield code="z">Archived copy available at the National Library of New Zealand</marc:subfield>
            <marc:subfield code="x">Open Access</marc:subfield>
        </marc:datafield>
        <marc:datafield tag="942" ind1=" " ind2=" ">
            <marc:subfield code="a">nznb 2018-08</marc:subfield>
        </marc:datafield>
    </marc:record>