
    <marc:record>
        <marc:leader>03776cam a2200529 i 4500</marc:leader>
        <marc:controlfield tag="001">9917856993502836</marc:controlfield>
        <marc:controlfield tag="005">20160823130251.0</marc:controlfield>
        <marc:controlfield tag="006">m     o  d        </marc:controlfield>
        <marc:controlfield tag="007">cr mn|nnnana||</marc:controlfield>
        <marc:controlfield tag="008">160503s2015    nz a    ob    000 0 eng  </marc:controlfield>
        <marc:datafield tag="020" ind1=" " ind2=" ">
            <marc:subfield code="a">9780908995561</marc:subfield>
            <marc:subfield code="q">PDF</marc:subfield>
        </marc:datafield>
        <marc:datafield tag="035" ind1=" " ind2=" ">
            <marc:subfield code="a">(NLNZils)1785699</marc:subfield>
        </marc:datafield>
        <marc:datafield tag="035" ind1=" " ind2=" ">
            <marc:subfield code="a">(NLNZils)1785699-ilsdb</marc:subfield>
        </marc:datafield>
        <marc:datafield tag="035" ind1=" " ind2=" ">
            <marc:subfield code="a">(OCoLC)950236793</marc:subfield>
        </marc:datafield>
        <marc:datafield tag="040" ind1=" " ind2=" ">
            <marc:subfield code="a">NZNB</marc:subfield>
            <marc:subfield code="b">eng</marc:subfield>
            <marc:subfield code="e">rda</marc:subfield>
            <marc:subfield code="c">NZNB</marc:subfield>
        </marc:datafield>
        <marc:datafield tag="041" ind1="1" ind2=" ">
            <marc:subfield code="a">eng</marc:subfield>
            <marc:subfield code="a">chi</marc:subfield>
            <marc:subfield code="a">mao</marc:subfield>
            <marc:subfield code="h">chi</marc:subfield>
            <marc:subfield code="h">eng</marc:subfield>
            <marc:subfield code="h">mao</marc:subfield>
        </marc:datafield>
        <marc:datafield tag="042" ind1=" " ind2=" ">
            <marc:subfield code="a">nznb</marc:subfield>
        </marc:datafield>
        <marc:datafield tag="043" ind1=" " ind2=" ">
            <marc:subfield code="a">u-nz---</marc:subfield>
            <marc:subfield code="a">a-ch--</marc:subfield>
        </marc:datafield>
        <marc:datafield tag="245" ind1="0" ind2="0">
            <marc:subfield code="a">These stories began before we arrived =</marc:subfield>
            <marc:subfield code="b">Zhe xie gu shi zai wo men dao lai zhi qian bian yi zhan kai /</marc:subfield>
            <marc:subfield code="c">Chang En-Man, Chu ChunTeng, Nathan Pohio, Natalie Robertson, Shannon Te Ao, Teng Chao-Ming  ; curated by Jamie Hanton, Charlotte Huddleston, and Bruce E. Phillips ; translation: Yining Shen except for Chu ChunTeng, Nathan Pohio and Teng Chao-Ming, by Xiongbo Shi.</marc:subfield>
        </marc:datafield>
        <marc:datafield tag="246" ind1="3" ind2="1">
            <marc:subfield code="a">Zhe xie gu shi zai wo men dao lai zhi qian bian yi zhan kai</marc:subfield>
        </marc:datafield>
        <marc:datafield tag="264" ind1=" " ind2="1">
            <marc:subfield code="a">[Auckland] :</marc:subfield>
            <marc:subfield code="b">[Te Tuhi],</marc:subfield>
            <marc:subfield code="c">[2015]</marc:subfield>
        </marc:datafield>
        <marc:datafield tag="300" ind1=" " ind2=" ">
            <marc:subfield code="a">1 online resource :</marc:subfield>
            <marc:subfield code="b">colour illustrations</marc:subfield>
        </marc:datafield>
        <marc:datafield tag="336" ind1=" " ind2=" ">
            <marc:subfield code="a">text</marc:subfield>
            <marc:subfield code="2">rdacontent</marc:subfield>
        </marc:datafield>
        <marc:datafield tag="337" ind1=" " ind2=" ">
            <marc:subfield code="a">computer</marc:subfield>
            <marc:subfield code="2">rdamedia</marc:subfield>
        </marc:datafield>
        <marc:datafield tag="338" ind1=" " ind2=" ">
            <marc:subfield code="a">online resource</marc:subfield>
            <marc:subfield code="2">rdacarrier</marc:subfield>
        </marc:datafield>
        <marc:datafield tag="347" ind1=" " ind2=" ">
            <marc:subfield code="3">National Library of New Zealand archived copy</marc:subfield>
            <marc:subfield code="a">text file</marc:subfield>
            <marc:subfield code="b">PDF</marc:subfield>
            <marc:subfield code="2">rda</marc:subfield>
        </marc:datafield>
        <marc:datafield tag="500" ind1=" " ind2=" ">
            <marc:subfield code="a">Archived by the National Library of New Zealand in PDF (approximately 18 pages).</marc:subfield>
            <marc:subfield code="5">Nz</marc:subfield>
        </marc:datafield>
        <marc:datafield tag="500" ind1=" " ind2=" ">
            <marc:subfield code="a">Hypertext links contained in the archived instances of this title are non-functional.</marc:subfield>
            <marc:subfield code="5">Nz</marc:subfield>
        </marc:datafield>
        <marc:datafield tag="505" ind1="0" ind2=" ">
            <marc:subfield code="a">These stories began before we arrived / Jamie Hanton, Charlotte Huddleston, Bruce E. Phillips -- Chang En-Man : Arena, 2012 / CH -- Chu ChunTeng : Taiwan, Taiwan, 2011 / JH  -- Nathan Pohio : The feral horses of Natasha von Braun, 2015 / JH -- Natalie Robertson : Kawerau drive through, 2006/2015 / CH --  Kawerau drive through narrative, 2006 / Natalie Robertson  -- Shannon Te Ao : Two shoots that stretch / BEP -- He waiata mō te moe punarua = The song of the first wife / English translated from te reo Māori as featured in: Apirana Ngata, Hirini Moko Mead, Ngā mōteatea The songs: part four -- Ten Chao Ming : becoming a different person, 2011 / JH.</marc:subfield>
        </marc:datafield>
        <marc:datafield tag="520" ind1=" " ind2=" ">
            <marc:subfield code="a">&quot;Histories - known and unknown, written and unwritten - form the basis of These stories began before we arrived an exhibition of artwork by New Zealand and Taiwanese artists. This poetic and contemplative exhibition acknowledges the past migration of people across the Pacific, from Taiwan to Aotearoa New Zealand, by sharing stories of belonging and loss. The artworks explore themes of collective identity, land use, international trade, ancestral knowledge and societal order. Together, these works build connections between distinct histories and propose potential futures. [Produced in association with the] 2015 Taipei International Book Exhibition&quot;--Publisher's website.</marc:subfield>
        </marc:datafield>
        <marc:datafield tag="546" ind1=" " ind2=" ">
            <marc:subfield code="a">Parallel text in English and Chinese with poem also in Māori.</marc:subfield>
        </marc:datafield>
        <marc:datafield tag="650" ind1=" " ind2="0">
            <marc:subfield code="a">Art, New Zealand</marc:subfield>
            <marc:subfield code="y">21st century</marc:subfield>
            <marc:subfield code="v">Exhibitions.</marc:subfield>
        </marc:datafield>
        <marc:datafield tag="650" ind1=" " ind2="0">
            <marc:subfield code="a">Video art</marc:subfield>
            <marc:subfield code="z">New Zealand</marc:subfield>
            <marc:subfield code="v">Exhibitions.</marc:subfield>
        </marc:datafield>
        <marc:datafield tag="650" ind1=" " ind2="0">
            <marc:subfield code="a">Video art</marc:subfield>
            <marc:subfield code="z">Taiwan</marc:subfield>
            <marc:subfield code="v">Exhibitions.</marc:subfield>
        </marc:datafield>
        <marc:datafield tag="650" ind1=" " ind2="0">
            <marc:subfield code="a">Culture in art</marc:subfield>
            <marc:subfield code="v">Exhibitions.</marc:subfield>
        </marc:datafield>
        <marc:datafield tag="650" ind1=" " ind2="0">
            <marc:subfield code="a">Indigenous peoples in art</marc:subfield>
            <marc:subfield code="v">Exhibitions.</marc:subfield>
        </marc:datafield>
        <marc:datafield tag="650" ind1=" " ind2="7">
            <marc:subfield code="a">Whakaaturanga toi ataata.</marc:subfield>
            <marc:subfield code="2">reo</marc:subfield>
        </marc:datafield>
        <marc:datafield tag="650" ind1=" " ind2="7">
            <marc:subfield code="a">Tuakiri.</marc:subfield>
            <marc:subfield code="2">reo</marc:subfield>
        </marc:datafield>
        <marc:datafield tag="650" ind1=" " ind2="7">
            <marc:subfield code="a">Mahi toi.</marc:subfield>
            <marc:subfield code="2">reo</marc:subfield>
        </marc:datafield>
        <marc:datafield tag="700" ind1="1" ind2=" ">
            <marc:subfield code="a">Hanton, Jamie,</marc:subfield>
            <marc:subfield code="d">1983-</marc:subfield>
            <marc:subfield code="e">author.</marc:subfield>
        </marc:datafield>
        <marc:datafield tag="700" ind1="1" ind2=" ">
            <marc:subfield code="a">Huddleston, Charlotte,</marc:subfield>
            <marc:subfield code="e">author.</marc:subfield>
        </marc:datafield>
        <marc:datafield tag="700" ind1="1" ind2=" ">
            <marc:subfield code="a">Phillips, Bruce E.,</marc:subfield>
            <marc:subfield code="e">author.</marc:subfield>
        </marc:datafield>
        <marc:datafield tag="700" ind1="1" ind2=" ">
            <marc:subfield code="a">Shen, Yening,</marc:subfield>
            <marc:subfield code="e">translator.</marc:subfield>
        </marc:datafield>
        <marc:datafield tag="700" ind1="1" ind2=" ">
            <marc:subfield code="a">Shi, Xiongbo,</marc:subfield>
            <marc:subfield code="e">translator.</marc:subfield>
        </marc:datafield>
        <marc:datafield tag="710" ind1="2" ind2=" ">
            <marc:subfield code="a">Woolloomooloo Xhibit (Gallery),</marc:subfield>
            <marc:subfield code="e">host institution.</marc:subfield>
        </marc:datafield>
        <marc:datafield tag="776" ind1="0" ind2="8">
            <marc:subfield code="i">Print version:</marc:subfield>
            <marc:subfield code="t">These stories began before we arrived</marc:subfield>
            <marc:subfield code="z">9780908995554</marc:subfield>
        </marc:datafield>
        <marc:datafield tag="856" ind1="4" ind2="0">
            <marc:subfield code="u">http://www.tetuhi.org.nz/downloadfile.php?filename=files/downloads/These%20Stories%20Began%20Before%20We%20Arrived.pdf</marc:subfield>
        </marc:datafield>
    </marc:record>